 @misc{MenschlicheHoerfrequenz,
 		url={https://www.hno-aerzte-im-netz.de/unsere-sinne/hoeren/hoerbahn-hoerfrequenz.html},
 		title={Hörbahn - so hören wir},
 		journal={Startseite Internisten im Netz}, 
 		publisher={Deutscher Bundesverband der Hals-Nasen-Ohrenärzte e.V.}
} 

@book{dspguide,
	author = {Smith, Steven W.},
	title = {The Scientist and Engineer's guide to Digital Signal Processing},
	year = {1997},
	isbn = {0966017633},
	publisher = {California Technical Publishing},
	note = {Available at www.dspguide.com.}
}

@book{dspguide:3:nyquist,
	author = {Smith, Steven W.},
	title = {The Scientist and Engineer's guide to Digital Signal Processing},
	year = {1997},
	isbn = {0966017633},
	publisher = {California Technical Publishing},
	note = {Available at www.dspguide.com.},
	chapter=3,
	pages=39-44
}

@misc{44100Hz,
	title={44,100 Hz},
	url={https://en.wikipedia.org/wiki/44,100_Hz},
	journal={Wikipedia},
	publisher={Wikimedia Foundation},
	year={2024},
	month={Jul}
} 

@misc{WAV-Header,
	title={Wave PCM soundfile format},
	url={http://soundfile.sapp.org/doc/WaveFormat/},
	journal={Microsoft WAVE soundfile format},
	author={(craig@ccrma.stanford.edu), Craig Stuart Sapp}
} 	
	
	
	
